% This file was created with JabRef 2.10.
% Encoding: Cp1252


@Misc{Berners-Lee:2005,
  Title                    = {Uniform resource identifier (URI): Generic syntax.},
  Author                   = {Berners-Lee, T. and Fielding, R. and Masinter, L.},
  Url                      = {http://www.ietf.org/rfc/rfc3986.txt.},
  Year                     = {2005}
}

@Misc{biron:2000,
  Title                    = {{XML} {S}chema Part 2: Datatypes ({W3C} Candidate
 Recommendation 24 {O}ctober 2000)},

  Author                   = {P.~V. Biron and A. Malhotra},
  HowPublished             = {Available via the World Wide Web at
 \url{http://www.w3.org/TR/xmlschema-2/}.},
  Year                     = {2000}
}

@Book{eriksson:1998,
  Title                    = {{UML} Toolkit},
  Author                   = {H.-E. Eriksson and M. Penker},
  Publisher                = {John Wiley \& Sons},
  Year                     = {1998},

  Address                  = {New York}
}

@Misc{fallside:2000,
  Title                    = {{XML} {S}chema Part 0: Primer ({W3C} Candidate
 Recommendation 24 {O}ctober 2000)},

  Author                   = {D.~C. Fallside},
  HowPublished             = {Available via the World Wide Web at
 \url{http://www.w3.org/TR/xmlschema-0/}},
  Year                     = {2000}
}

@Book{Means:2001,
  Title                    = {XML in a Nutshell},
  Author                   = {Harold, E. R. and Means, E. S.},
  Publisher                = {O’Reilly},
  Year                     = {2001}
}

@Book{oestereich:1999,
  Title                    = {Developing Software with {UML}: Object-Oriented Analysis and
 Design in Practice},
  Author                   = {B. Oestereich},
  Publisher                = {AW},
  Year                     = {1999}
}

@Article{Sluka2014,
  Title                    = {{The Cell Behavior Ontology: Describing the Intrinsic Biological Behaviors of Real and Model Cells Seen as Active Agents}},
  Author                   = {Sluka, J. P. and A. Shirinifard and M. Swat and A. Cosmanescu and R. W. Heiland and J. A. Glazier.},
  Journal                  = {Bioinformatics},
  Year                     = {2014},

  Doi                      = {10.1093/bioinformatics/btu210},
  Owner                    = {hgomez87},
  Timestamp                = {2014.07.21}
}

@Misc{thompson:2000,
  Title                    = {{XML} {S}chema Part 1: Structures ({W3C} Candidate Recommendation
 24 {O}ctober 2000)},

  Author                   = {H.~S. Thompson and D. Beech and M. Maloney and N. Mendelsohn},
  HowPublished             = {Available online via the World Wide Web at the address
 \url{http://www.w3.org/TR/xmlschema-1/}},
  Year                     = {2000}
}

@Misc{w3c:2000b,
  Title                    = {{W3C}'s Math Home Page},

  Author                   = {W3C},
  HowPublished             = {Available via the World Wide Web at
 \url{http://www.w3.org/Math/}},
  Year                     = {2000}
}

