@article{orth_2010,
	author = {Orth, Jeffrey D.  and Thiele, Ines  and Palsson, Bernhard {\O}.},
	title = {What is flux balance analysis?},
	journal = {Nature Biotechnology},
	volume = {28},
	number = {3},
	pages = {245--248},
	month = {3},
	year = {2010},
}

@article{oberhardt_2009,
	author = {Oberhardt, Matthew A. and Palsson, Bernhard {\O}.  and Papin, Jason A.},
	title = {Applications of genome-scale metabolic reconstructions.},
	journal = {Molecular Systems Biology},
	volume = {5},
	pages = {320},
	year = {2009},
}

@ARTICLE{sbml,
  author = {M. Hucka and A. Finney and H.M. Sauro and H. Bolouri and J.C. Doyle and H. Kitano and A.P. Arkin and B.J. Bornstein and D. Bray and A. Cornish-Bowden and A.A. Cuellar and S. Dronov and E.D. Gilles and M. Ginkel and V. Gor and I.I. Goryanin and W.J. Hedley and T.C. Hodgman and J.H. Hofmeyr and P.J. Hunter and N.S. Juty and J.L. Kasberger and A. Kremling and U. Kummer and N. Le Nov\`{e}re and L.M. Loew and D. Lucio and P. Mendes and E. Minch and E.D. Mjolsness and Y. Nakayama and M.R. Nelson and P.F. Nielsen and T. Sakurada and J.C. Schaff and B.E. Shapiro and T.S. shimizu and H.D. Spence and J. Stelling and K. Takahashi and M. Tomita and J. Wagner and J. Wang},
  title = {The {S}ystems {B}iology {M}arkup {L}anguage ({SBML}): a medium for representation and exchange of biochemical network models},
  journal = {Bioinformatics},
  year = {2003},
  volume = {19},
  pages = {524-31},
  number = {4},
}

@misc{sbml3core,
   author = {Hucka, Michael and Bergmann, Frank T. and Hoops, Stefan and Keating, Sarah M. and Sahle, Sven and Wilkinson, Darren J.},
   year = {2011},
   url = {http://sbml.org/Documents/Specifications}
}

@article{cobra,
   author = {Becker, Scott A. and Feist, Adam M. and Mo, Monica L. and Hannum, Gregory and Palsson, Bernhard O. and Herrgard, Markus J.},
   title = {Quantitative prediction of cellular metabolism with constraint-based models: the COBRA Toolbox},
   journal = {Nat. Protocols},
   volume = {2},
   number = {3},
   pages = {727-738},
   note = {1750-2799
10.1038/nprot.2007.99
10.1038/nprot.2007.99},
   year = {2007}
}

@misc{tracker,
title = {The {SBML} Issue Tracker},
author = {{SBML Team}},
year = 2010,
url = {http://sbml.org/issue-tracker}
}

@BOOK{eriksson:1998,
       AUTHOR = {H.-E. Eriksson and M. Penker},
	TITLE = {{UML} Toolkit},
    PUBLISHER = {John Wiley \& Sons},
	 YEAR = 1998,
      ADDRESS =	{New York}
}

@BOOK{oestereich:1999,
       AUTHOR = {B. Oestereich},
    TITLE = {Developing Software with {UML}: Object-Oriented Analysis and
                  Design in Practice},
    PUBLISHER = {Addison-Wesley},
     YEAR = 1999
}

@MISC{biron:2000,
       AUTHOR = {P.~V. Biron and A. Malhotra},
        TITLE = {{XML} {S}chema Part 2: Datatypes ({W3C} Candidate
                 Recommendation 24 {O}ctober 2000)},
 HOWPUBLISHED = {Available via the World Wide Web at
                 \url{http://www.w3.org/TR/xmlschema-2/}.},
         YEAR = 2000
}

@MISC{fallside:2000,
       AUTHOR = {D.~C. Fallside},
        TITLE = {{XML} {S}chema Part 0: Primer ({W3C} Candidate
                 Recommendation 24 {O}ctober 2000)},
 HOWPUBLISHED = {Available via the World Wide Web at
                 \url{http://www.w3.org/TR/xmlschema-0/}},
         YEAR = 2000
}

@MISC{thompson:2000,
       AUTHOR = {H.~S. Thompson and D. Beech and M. Maloney and N. Mendelsohn},
        TITLE = {{XML} {S}chema Part 1: Structures ({W3C} Candidate Recommendation
                 24 {O}ctober 2000)},
 HOWPUBLISHED = {Available online via the World Wide Web at the address
                 \url{http://www.w3.org/TR/xmlschema-1/}},
         YEAR = 2000
}
