@ARTICLE{sbml,
  author = {M. Hucka and A. Finney and H.M. Sauro and H. Bolouri and J.C. Doyle and H. Kitano and A.P. Arkin and B.J. Bornstein and D. Bray and A. Cornish-Bowden and A.A. Cuellar and S. Dronov and E.D. Gilles and M. Ginkel and V. Gor and I.I. Goryanin and W.J. Hedley and T.C. Hodgman and J.H. Hofmeyr and P.J. Hunter and N.S. Juty and J.L. Kasberger and A. Kremling and U. Kummer and N. Le Nov\`{e}re and L.M. Loew and D. Lucio and P. Mendes and E. Minch and E.D. Mjolsness and Y. Nakayama and M.R. Nelson and P.F. Nielsen and T. Sakurada and J.C. Schaff and B.E. Shapiro and T.S. shimizu and H.D. Spence and J. Stelling and K. Takahashi and M. Tomita and J. Wagner and J. Wang},
  title = {The {S}ystems {B}iology {M}arkup {L}anguage ({SBML}): a medium for representation and exchange of biochemical network models},
  journal = {Bioinformatics},
  year = {2003},
  volume = {19},
  pages = {524-31},
  number = {4},
}

@misc{l3v1c,
title = {{The Systems Biology Markup Language ({SBML}): Language Specification for Level 3 Version 1 Core}},
author = {Michael Hucka and Frank T. Bergmann and Stefan Hoops and Sarah M. Keating and Sven Sahle and James C. Schaff and Lucian P. Smith and Darren J. Wilkinson},
year = 2010,
howpublished = {Available via the World Wide Web at \url{http://sbml.org/Documents/Specifications}},
}

@misc{xhtml,
       AUTHOR = {Steven Pemberton and Daniel Austin and Jonny Axelsson and Tantek Celik
                 and Doug Dominiak and Herman Elenbaas and Beth Epperson 
                 and Masayasu Ishikawa and {Shin'ichi} Matsui and Shane McCarron
                 and Navarro and Subramanian Peruvemba and Rob Relyea
                 and Sebastian Schnitzenbaumer and Peter Stark},
        TITLE = {{XHTML} 1.0 The {Extensible} {HyperText} {Markup} {Language} (Second Edition): {W3C} {Recommendation} 26 {January} 2000, revised 1 {August} 2002},
 HOWPUBLISHED = {Available via the World Wide Web at \url{http://www.w3.org/TR/xhtml1/}},
         YEAR = 2002,
}

@misc{tracker,
title = {The {SBML} Issue Tracker},
author = {{SBML Team}},
year = 2010,
howpublished = {Available via the World Wide Web at \url{http://sbml.org/issue-tracker}.},
}

@BOOK{eriksson:1998,
       AUTHOR = {H.-E. Eriksson and M. Penker},
	TITLE = {{UML} Toolkit},
    PUBLISHER = {John Wiley \& Sons},
	 YEAR = 1998,
      ADDRESS =	{New York}
}

@BOOK{oestereich:1999,
       AUTHOR = {B. Oestereich},
    TITLE = {Developing Software with {UML}: Object-Oriented Analysis and
                  Design in Practice},
    PUBLISHER = {Addison-Wesley},
     YEAR = 1999
}

@MISC{biron:2000,
       AUTHOR = {P.~V. Biron and A. Malhotra},
        TITLE = {{XML} {S}chema Part 2: Datatypes ({W3C} Candidate
                 Recommendation 24 {O}ctober 2000)},
 HOWPUBLISHED = {Available via the World Wide Web at
                 \url{http://www.w3.org/TR/xmlschema-2/}.},
         YEAR = 2000
}

@MISC{fallside:2000,
       AUTHOR = {D.~C. Fallside},
        TITLE = {{XML} {S}chema Part 0: Primer ({W3C} Candidate
                 Recommendation 24 {O}ctober 2000)},
 HOWPUBLISHED = {Available via the World Wide Web at
                 \url{http://www.w3.org/TR/xmlschema-0/}},
         YEAR = 2000
}

@MISC{thompson:2000,
       AUTHOR = {H.~S. Thompson and D. Beech and M. Maloney and N. Mendelsohn},
        TITLE = {{XML} {S}chema Part 1: Structures ({W3C} Candidate Recommendation
                 24 {O}ctober 2000)},
 HOWPUBLISHED = {Available online via the World Wide Web at the address
                 \url{http://www.w3.org/TR/xmlschema-1/}},
         YEAR = 2000
}


@MISC{finney:2000,
       AUTHOR = {Andrew Finney},
        TITLE = {Internal Discussion Document: Possible extensions to the {Systems Biology Markup Language}},
 HOWPUBLISHED = {Available via the World Wide Web at
                 \url{http://www.cds.caltech.edu/erato/extensions.html}},
         YEAR = 2000
}

@misc{ginkel:2001,
author = {Martin Ginkel and J\"{o}rg Stelling},
title = {{XML} Notation for Modularity},
year = 2001,
howpublished = {Available via the World Wide Web at
                 \url{http://sbml.org/images/7/73/Vortrag.pdf}},
}

@misc{ginkel:2002,
author = {Martin Ginkel},
title = {Modular {SBML}},
year = 2002,
howpublished = {Available via the World Wide Web at
                 \url{http://sbml.org/images/9/90/Sbml-modular.pdf}},
}

@MISC{webb:2003,
       AUTHOR = {Jonathan Webb},
        TITLE = {{B}io{S}pice {MDL} {M}odel {C}omposition and {L}ibraries},
 HOWPUBLISHED = {Available via the World Wide Web at
                 \url{http://sbml.org/Forums/index.php?t=msg&th=67&rid=0#msg_111}},
         YEAR = 2003
}

@MISC{xpath,
author = {James Clark and Steve DeRose},
title = {{XML Path Language (XPath) Version 1.0}},
 HOWPUBLISHED = {Available via the World Wide Web at
                 \url{http://www.w3.org/TR/xpath/}.},
         YEAR = 1999
}

@MISC{comp-sig,
author = {Martin Ginkel},
title = {{SBML} Model Composition Special Interest Group},
 HOWPUBLISHED = {Available via the World Wide Web at
                 \url{http://www.mpi-magdeburg.mpg.de/zlocal/martins/sbml-comp}.},
         YEAR = 2003
}

@MISC{finney:2003,
author = {Andrew Finney},
title = {Systems Biology Markup Language ({SBML}) Level 3 Proposal: Model Composition Features},
 HOWPUBLISHED = {Available via the World Wide Web at
                 \url{http://www.mpi-magdeburg.mpg.de/zlocal/martins/sbml-comp/model-composition.pdf}.},
         YEAR = 2003
}

@MISC{finney:2003b,
author = {Andrew Finney},
title = {Systems Biology Markup Language ({SBML}) Level 3 Proposal: Model Composition Features},
 HOWPUBLISHED = {Available via the World Wide Web at
                 \url{http://sbml.org/images/7/73/Model-composition.pdf}.},
         YEAR = 2003
}

@MISC{finney:2003c,
author = {Andrew Finney},
title = {{SBML} Sets Concept},
 HOWPUBLISHED = {Available via the World Wide Web at
                 \url{http://sbml.org/Forums/index.php?t=msg&th=234&rid=0#msg_683}.},
         YEAR = 2003
}

@MISC{finney:2004,
author = {Andrew Finney},
title = {{SBML} Level 3: Proposals for Advanced Model Representations},
 HOWPUBLISHED = {Available via the World Wide Web at
                 \url{http://sbml.org/images/9/9c/Ismb-2004-sbml-level-3-poster.pdf}.},
         YEAR = 2004
}

@MISC{sbml5,
author = {{SBML Team}},
title = {{The 5th SBML Hackathon}},
 HOWPUBLISHED = {Available via the World Wide Web at
                 \url{http://sbml.org/Events/Hackathons/The_5th_SBML_Hackathon}.},
         YEAR = 2007
}

@MISC{comp2007,
author = {{Multiple authors}},
title = {{SBML Composition Workshop 2007}},
 HOWPUBLISHED = {Available via the World Wide Web at
                 \url{http://sbml.org/Events/Other_Events/SBML_Composition_Workshop_2007}.},
         YEAR = 2007
}


@MISC{ginkel:2007,
author = {Martin Ginkel},
title = {{Martin Goals}},
 HOWPUBLISHED = {Available via the World Wide Web at
                 \url{http://sbml.org/Events/Other_Events/SBML_Composition_Workshop_2007/Martin_Goals}.},
         YEAR = 2007
}

@MISC{finney:2007,
author = {Andrew Finney},
title = {{Andrew} 2007 Comments about Model Composition},
 HOWPUBLISHED = {Available via the World Wide Web at
                 \url{http://sbml.org/Andrew_2007_Comments_about_Model_Composition}.},
         YEAR = 2007
}

@MISC{liebermeister:2007,
author = {Wolfram Leibermeister},
title = {{semanticSBML}},
 HOWPUBLISHED = {Available via the World Wide Web at
                 \url{http://sbml.org/images/c/c1/SemanticSBML_SBMLcomposition.pdf}.},
         YEAR = 2007
}

@MISC{randhawa:2007,
author = {Ranjit Randhawa},
title = {{Model Composition for Macromolecular Regulatory Networks}},
 HOWPUBLISHED = {Available via the World Wide Web at
                 \url{http://sbml.org/documents/proposals/CCB2007DemoPresentation.pdf}.},
         YEAR = 2007
}

@MISC{lenov:2007,
author = {Nicolas Le Nov\`{e}re},
title = {Modularity in Core},
 HOWPUBLISHED = {Available via the World Wide Web at
                 \url{http://sbml.org/Events/Other_Events/SBML_Composition_Workshop_2007/Modularity_In_Core}.},
         YEAR = 2007
}

@MISC{various:2007,
author = {{Multiple authors}},
title = {Issues to Address},
 HOWPUBLISHED = {Available via the World Wide Web at
                 \url{http://sbml.org/Events/Other_Events/SBML_Composition_Workshop_2007/Issues_To_Address}.},
         YEAR = 2007
}

@MISC{various:2007b,
author = {{Multiple authors}},
title = {Overloading Semantics},
 HOWPUBLISHED = {Available via the World Wide Web at
                 \url{http://sbml.org/Events/Other_Events/SBML_Composition_Workshop_2007/Overloading_Semantics}.},
         YEAR = 2007
}

@MISC{hoops:2007,
author = {Stefan Hoops},
title = {Hierarchical Model Composition},
 HOWPUBLISHED = {Available via the World Wide Web at
                 \url{http://sbml.org/Community/Wiki/SBML_Level_3_Proposals/Hierarchical_Model_Composition_(Hoops_2007)}.},
         YEAR = 2007
}

@MISC{hoops:2008,
author = {Stefan Hoops},
title = {Hierarchical Model Composition},
 HOWPUBLISHED = {Available via the World Wide Web at
                 \url{http://sbml.org/images/e/e9/HierarchicalModelGothenburg.pdf}.},
         YEAR = 2008
}

@MISC{bergmann:2006,
author = {Frank Bergmann and Herbert M. Sauro},
title = {Human-readable Model Definition Language},
 HOWPUBLISHED = {Available via the World Wide Web at
                 \url{ttp://www.sys-bio.org/sbwWiki/_media/sbw/standards/2006-12-17_humanreadable_mdl.pdf}.},
         YEAR = 2006
}

@MISC{smith:2010,
author = {Lucian P. Smith},
title = {Hierarchical Model Composition},
 HOWPUBLISHED = {Available via the World Wide Web at
                 \url{http://sbml.org/images/b/b6/Smith-Hierarchical_Model_Composition-2010-05-03.pdf}.},
         YEAR = 2010
}

@MISC{smith:2010b,
author = {Lucian P. Smith},
title = {Hierarchical Model Composition},
 HOWPUBLISHED = {Available via the World Wide Web at
                 \url{http://www.sbml.org/Forums/index.php?t=tree&goto=6124}.},
         YEAR = 2010
}

@MISC{xinclude,
author = {Jonathan Marsch and David Orchard and Daniel Veillard},
title = {{XML Inclusions (XInclude) Version 1.0 (Second Edition)}},
 HOWPUBLISHED = {Available via the World Wide Web at
                 \url{http://www.w3.org/TR/xinclude/}.},
         YEAR = 206
}

@MISC{smith:2010c,
author = {Lucian P. Smith and Michael Hucka},
title = {{SBML Level 3} Hierarchical Model Composition},
 HOWPUBLISHED = {Available via the World Wide Web at
                 \url{http://precedings.nature.com/documents/5133/version/1}.},
         YEAR = 2010
}

@MISC{lenov:2003,
author = {Nicolas Le Nov\`{e}re},
title = {On the relationships between {L3} packages, including {Core}},
 HOWPUBLISHED = {Available via the World Wide Web at
                 \url{http://www.sbml.org/Forums/index.php?t=tree&goto=6104}.},
         YEAR = 2003
}

@MISC{editors:2010,
author = {{The SBML Editors}},
title = {{SBML Editors'} meeting minutes 2010-06-22},
 HOWPUBLISHED = {Available via the World Wide Web at
                 \url{http://sbml.org/Events/SBML_Editors'_Meetings/Minutes/2010-06-22}.},
         YEAR = 2010
}

@BOOK{harold:2001,
       AUTHOR = {E.~R. Harold and E.~S. Means},
        TITLE = {{XML} in a Nutshell},
    PUBLISHER = {O'Reilly},
         YEAR = 2001
}

@MISC{w3c:2000,
       AUTHOR = {W3C},
        TITLE = {Naming and Addressing: {URI}s, {URL}s, \ldots},
 HOWPUBLISHED = {Available online via the World Wide Web at
                 \url{http://www.w3.org/Addressing/}},
         YEAR = 2000
}

@MISC{rfc3986,
       AUTHOR = {T. Berners-Lee and R. Fielding and L. Masinter},
        TITLE = {Uniform Resource Identifier ({URI}): Generic Syntax},
 HOWPUBLISHED = {Available online via the World Wide Web at
                 \url{http://www.ietf.org/rfc/rfc3986.txt}},
         YEAR = 2005
}

