% This file was created with JabRef 2.10.
% Encoding: UTF-8


@Article{ref:simmune2012,
  Title                    = {{Computational modeling of cellular signaling processes embedded into dynamic spatial contexts}},
  Author                   = {Angermann,Bastian R and Klauschen, Frederick and Garcia, Alex D and Prustel, Thorsten and Zhang, Fengkai and Germain, Ronald N and Meier-Schellersheim, Martin},
  Journal                  = {Nat Methods},
  Year                     = {2012},
  Pages                    = {283-9},
  Volume                   = {9(3)},

  Owner                    = {Fengkai Zhang},
  Timestamp                = {2012.09.24}
}

@Article{ref:yeastMSB2010,
  Title                    = {{A model of yeast cell-cycle regulation based on multisite phosphorylation}},
  Author                   = {Debashis Barik and William T Baumann and Mark R Paul and Bela Novak and John J Tyson1},
  Journal                  = {Molecular Syste},
  Year                     = {2010},
  Pages                    = {1-18},
  Volume                   = {6},

  Owner                    = {Fengkai Zhang},
  Timestamp                = {2013.08.18}
}

@Article{ref:kappa2004,
  Title                    = {{Formal molecular biology}},
  Author                   = {Danos, Vincent and Laneve, Cosimo},
  Journal                  = {Theoretical Computer Science},
  Year                     = {2004},
  Pages                    = {69-110},
  Volume                   = {325(1)},

  Owner                    = {Fengkai Zhang},
  Timestamp                = {2012.09.24}
}

@Article{ref:bionetgen2009,
  Title                    = {{Rule-based modeling of biochemical systems with BioNetGen}},
  Author                   = {Faeder, James R and Blinov, Michael L and Hlavacek, Willam S},
  Journal                  = {Methods Mol Biol.},
  Year                     = {2009},
  Pages                    = {113-67},
  Volume                   = {500},

  Owner                    = {Fengkai Zhang},
  Timestamp                = {2012.09.24}
}

@Article{ref:FeretPnas2009,
  Title                    = {{Internal coarse-graining of molecular systems}},
  Author                   = {Feret, Jerome and Danos, Vincent and Krivine, Jean and Harmer, Russ and Fontana, Walter},
  Journal                  = {PNAS},
  Year                     = {2009},
  Pages                    = {6453-6458},
  Volume                   = {106},

  Owner                    = {Fengkai Zhang},
  Timestamp                = {2013.04.10}
}

@Article{ref:scienceSignaling2006,
  Title                    = {{Rules for Modeling Signal-Transduction Systems}},
  Author                   = {Hlavacek, Willam S and Faeder, James R and Blinov, Michael L and Posner, Richard G and Hucka, Michael and Fontana, Walter},
  Journal                  = {Sci. STKE},
  Year                     = {2006},
  Pages                    = {ref6},
  Volume                   = {344},

  Owner                    = {Fengkai Zhang},
  Timestamp                = {2013.04.10}
}

@Misc{ref:sbmll3v1,
  Title                    = {{The Systems Biology Markup Language (SBML): Language Specification for Level 3 Version 1 Core}},

  Author                   = {Hucka, Michael and Bergmann, Frank and Dr\"ager, Andreas and Hoops, Stefan and Keating, Sarah M. and Le Nov\`ere, Nicolas and Myers, Chris J. and Olivier, Brett G. and Sahle, Sven and Schaff, James and Smith, Lucian and Waltemath, Dagmar and Wilkinson, Darren},
  HowPublished             = {Available via the World Wide Web at \url{http://sbml.org/Documents/Specifications}},
  Year                     = {2016},

  Journal                  = {SBML.org},
  Owner                    = {Fengkai Zhang},
  Pages                    = {1-173},
  Timestamp                = {2016.12.28},
  Volume                   = {L3V1}
}

@Misc{ref:multi1,
  Title                    = {{Multistate and Multicomponent Species (multi)}},

  Author                   = {Le Nov\`ere, Nicolas and Oellrich, Anika},
  HowPublished             = {Available via the World Wide Web at \url{http://sbml.org/Community/Wiki/SBML_Level_3_Proposals/Multistate_and_Multicomponent_Species_Proposal}},
  Year                     = {2010},

  Journal                  = {{sbml.org/Community/Wiki/SBML_Level_3_Proposals/Multistate_and_Multicomponent_Species_Proposal}},
  Owner                    = {Fengkai Zhang},
  Pages                    = {1-74},
  Timestamp                = {2012.09.25},
  Volume                   = {version1}
}

@Article{ref:scaffoldProteinNature2010,
  Title                    = {{The scaffold protein Ste5 directly controls a switch-like mating decision in yeast}},
  Author                   = {Mohan K. Malleshaiah and Vahid Shahrezaei and Peter S. Swain and Stephen W. Michnick},
  Journal                  = {Nature},
  Year                     = {2010},
  Pages                    = {101-105},
  Volume                   = {465},

  Owner                    = {Fengkai Zhang},
  Timestamp                = {2013.08.17}
}

@Article{ref:nathan2015,
  Title                    = {{Targeted Proteomics-Driven Computational Modeling of Macrophage SIP Chemosensing}},
  Author                   = {Manes, Nathan P. and Angermann, Bastian R. and Koppenol-Rabb, Marijke and An, Eunkyung and Sjoelund, Virginie H. and Sun, Jing and Ishii, Masaru and Germain, Ronald N. and Meier-Schellersheim, Martin and Nita-Lazar, Aleksandra},
  Journal                  = {Molecular \& Cellular Proteomics},
  Year                     = {2015},
  Pages                    = {2661-81},
  Volume                   = {14(10)},

  Owner                    = {Fengkai Zhang},
  Timestamp                = {2017.01.08}
}

@Article{ref:simmune2006,
  Title                    = {{Key role of local regulation in chemosensing revealed by a new molecular interaction-based modeling method}},
  Author                   = {Meier-Schellersheim, Martin and Xu, Xuehua and Angermann, Bastian and Kunkel, Eric J and Jin, Tian and Germain, Ronald N.},
  Journal                  = {PLoS Comput Biol},
  Year                     = {2006},
  Pages                    = {e82},
  Volume                   = {2(7)},

  Owner                    = {Fengkai Zhang},
  Timestamp                = {2012.09.24}
}

@Article{ref:jamesFader2013,
  Title                    = {{The Duration of T Cell Stimulation Is a Critical Determinant of Cell Fate and Plasticity}},
  Author                   = {Miskov-Zivanov1,Natasa and Turner, Michael S. and Kane, Lawrence P. and Morel, Penelope A. and Faeder and James R.},
  Journal                  = {Science Signaling},
  Year                     = {2013},
  Pages                    = {ra97},
  Volume                   = {6(300)},

  Owner                    = {zhangfen},
  Timestamp                = {2017.01.08}
}

@Article{ref:CarbonMap2007,
  Title                    = {{Carbon-fate maps for metabolic reactions}},
  Author                   = {Fangping Mu and Robert F. Williams and Clifford J. Unkefer Pat J. Unkefer and James R. Faeder and William S. Hlavacek},
  Journal                  = {Bioinformatics},
  Year                     = {2007},
  Pages                    = {3193-3199},
  Volume                   = {23},

  Owner                    = {Fengkai Zhang},
  Timestamp                = {2013.08.21}
}

@Conference{ref:combine2015,
  Title                    = {{SBML Multi Package: Development Upddate and Discussion}},
  Author                   = {Zhang, Fengkai},
  Booktitle                = {COMBINE 2015 (\url{http://co.mbine.org/events/COMBINE_2015/agenda?q=system/files/combine2015-multi_breakout7.pdf})},
  Year                     = {2015},

  Owner                    = {Fengkai Zhang},
  Timestamp                = {2015.10.14}
}

@Article{ref:modeler2013,
  Title                    = {{The Simmune Modeler visual interface for creating signaling networks based on bi-molecular interactions}},
  Author                   = {Zhang, Fengkai and Angermann, Bastian R and Meier-Schellersheim, Martin},
  Journal                  = {Bioinformatics},
  Year                     = {2013},
  Pages                    = {1229-1230},
  Volume                   = {29 (9)},

  Owner                    = {Fengkai Zhang},
  Timestamp                = {2013.04.10}
}

@Conference{ref:revisedMulti,
  Title                    = {{Draft for Discussion: SBML Proposals for "Revised Multi", "Simple Spatial" and "Multi-Spatial" Extensions}},
  Author                   = {Zhang, Fengkai and Angermann, Bastian R and Meier-Schellersheim, Martin},
  Booktitle                = {COMBINE 2012 (\url{http://co.mbine.org/events/COMBINE_2012/agenda?q=system/files/2012-08-15-combine-zhang-SBML_prop_v2.pdf})},
  Year                     = {2012},

  Owner                    = {Fengkai Zhang},
  Timestamp                = {2012.09.25}
}

@Misc{ref:multispecV103,
  Title                    = {{Multistate, Multicomponent and Multicompartment Species Package for SBML Level 3 (Multi), v1.0.3}},

  Author                   = {Zhang, Fengkai and Meier-Schellersheim, Martin},
  HowPublished             = {Available via the World Wide Web at \url{http://goo.gl/FebPci}},
  Month                    = {4},
  Year                     = {2015},

  Institution              = {LSB, NIAID, NIH},
  Journal                  = {http://goo.gl/FebPci},
  Owner                    = {Fengkai Zhang},
  Timestamp                = {2015.04.01},
  Volume                   = {Specification, rev 555}
}

@Misc{ref:multispecV104,
  Title                    = {{Multistate, Multicomponent and Multicompartment Species Package for SBML Level 3 (Multi), v1.0.4}},

  Author                   = {Zhang, Fengkai and Meier-Schellersheim, Martin},
  HowPublished             = {Available via the World Wide Web at \url{https://goo.gl/iRR1PJ}},
  Month                    = {6},
  Year                     = {2015},

  Institution              = {LSB, NIAID, NIH},
  Journal                  = {https://goo.gl/iRR1PJ},
  Owner                    = {Fengkai Zhang},
  Timestamp                = {2015.06.09},
  Volume                   = {Specification, rev 582}
}

@Conference{ref:combine2014,
  Title                    = {{SBML Multi Package (Breakout session)}},
  Author                   = {Zhang, Fengkai and Meier-Schellersheim, Martin},
  Booktitle                = {COMBINE 2014 (\url{http://co.mbine.org/events/COMBINE_2014/agenda?q=system/files/Fengkai_Multi_breakout_v6_0.pdf})},
  Year                     = {2014},

  Owner                    = {Fengkai Zhang},
  Timestamp                = {2014.08.18}
}

@Misc{ref:multispecV102,
  Title                    = {{Multistate, Multicomponent and Multicompartment Species Package for SBML Level 3 (Multi), v1.0.2}},

  Author                   = {Zhang, Fengkai and Meier-Schellersheim, Martin},
  HowPublished             = {Available via the World Wide Web at \url{http://goo.gl/MkatW4}},
  Month                    = {11},
  Year                     = {2014},

  Institution              = {LSB, NIAID, NIH},
  Journal                  = {http://goo.gl/MkatW4},
  Owner                    = {Fengkai Zhang},
  Timestamp                = {2014.11.01},
  Volume                   = {Specification, rev 459}
}

@Conference{ref:combine2013,
  Title                    = {{Multistate, Multicomponent and Multicompartment Species Package for SBML Level 3 (SBML-Multi)}},
  Author                   = {Zhang, Fengkai and Meier-Schellersheim, Martin},
  Booktitle                = {COMBINE 2013 (\url{http://co.mbine.org/events/COMBINE_2013/agenda?q=system/files/sbml_multi_combine_2013%20presentation_FengkaiZhang.pdf})},
  Year                     = {2013},

  Owner                    = {Fengkai Zhang},
  Timestamp                = {2013.09.18}
}

@Conference{ref:harmony2013,
  Title                    = {{Multistate, Multicomponent and Multicompartment Species Package for SBML Level 3 (SBML-Multi)}},
  Author                   = {Zhang, Fengkai and Meier-Schellersheim, Martin},
  Booktitle                = {HARMONY 2013 (\url{http://goo.gl/DIyEy})},
  Year                     = {2013},

  Owner                    = {Fengkai Zhang},
  Timestamp                = {2013.07.15}
}

@Misc{ref:multiproposal280,
  Title                    = {{Multistate, Multicomponent and Multicompartment Species Package for SBML Level 3 (Multi), rev 280}},

  Author                   = {Zhang, Fengkai and Meier-Schellersheim, Martin},
  HowPublished             = {Available via the World Wide Web at \url{http://goo.gl/2375K}},
  Year                     = {2013},

  Institution              = {LSB, NIAID, NIH},
  Journal                  = {http://goo.gl/2375K},
  Owner                    = {Fengkai Zhang},
  Timestamp                = {2013.07.14},
  Volume                   = {Proposal, rev 280}
}

@Misc{ref:multispecV101,
  Title                    = {{Multistate, Multicomponent and Multicompartment Species Package for SBML Level 3 (Multi), v1.0.1}},

  Author                   = {Zhang, Fengkai and Meier-Schellersheim, Martin},
  HowPublished             = {Available via the World Wide Web at \url{http://goo.gl/7aIXi0}},
  Month                    = {9},
  Year                     = {2013},

  Institution              = {LSB, NIAID, NIH},
  Journal                  = {http://goo.gl/7aIXi0},
  Owner                    = {Fengkai Zhang},
  Timestamp                = {2013.09.14},
  Volume                   = {Specification, rev 369}
}

@Misc{ref:multiproposal221,
  Title                    = {{Multistate, Multicomponent and Multicompartment Species Package for SBML Level 3 (Multi), rev 221}},

  Author                   = {Zhang, Fengkai and Meier-Schellersheim, Martin},
  HowPublished             = {Available via the World Wide Web at \url{http://goo.gl/YGXav4}},
  Year                     = {2012},

  Institution              = {LSB, NIAID, NIH},
  Journal                  = {http://goo.gl/YGXav4},
  Owner                    = {Fengkai Zhang},
  Timestamp                = {2012.11.30},
  Volume                   = {Proposal, rev 221}
}

@comment{jabref-meta: selector_keywords:}

@comment{jabref-meta: selector_journal:}

@comment{jabref-meta: selector_publisher:}

@comment{jabref-meta: selector_author:}

@comment{jabref-meta: selector_review:}

