@MISC{biron:2000,
       AUTHOR = {P.~V. Biron and A. Malhotra},
        TITLE = {{XML} {S}chema Part 2: Datatypes ({W3C} Candidate
                 Recommendation 24 {O}ctober 2000)},
 HOWPUBLISHED = {Available via the World Wide Web at
                 \url{http://www.w3.org/TR/xmlschema-2/}.},
         YEAR = 2000
}

@BOOK{eriksson:1998,
       AUTHOR = {H.-E. Eriksson and M. Penker},
	TITLE = {{UML} Toolkit},
    PUBLISHER = {John Wiley \& Sons},
	 YEAR = 1998,
      ADDRESS =	{New York}
}

@MISC{fallside:2000,
       AUTHOR = {D.~C. Fallside},
        TITLE = {{XML} {S}chema Part 0: Primer ({W3C} Candidate
                 Recommendation 24 {O}ctober 2000)},
 HOWPUBLISHED = {Available via the World Wide Web at
                 \url{http://www.w3.org/TR/xmlschema-0/}},
         YEAR = 2000
}

@BOOK{oestereich:1999,
       AUTHOR = {B. Oestereich},
    TITLE = {Developing Software with {UML}: Object-Oriented Analysis and
                  Design in Practice},
    PUBLISHER = AW,
     YEAR = 1999
}

@MISC{thompson:2000,
       AUTHOR = {H.~S. Thompson and D. Beech and M. Maloney and N. Mendelsohn},
        TITLE = {{XML} {S}chema Part 1: Structures ({W3C} Candidate Recommendation
                 24 {O}ctober 2000)},
 HOWPUBLISHED = {Available online via the World Wide Web at the address
                 \url{http://www.w3.org/TR/xmlschema-1/}},
         YEAR = 2000
}
@MISC{w3c:2000b,
       AUTHOR = {W3C},
        TITLE = {{W3C}'s Math Home Page},
 HOWPUBLISHED = {Available via the World Wide Web at
                 \url{http://www.w3.org/Math/}},
         YEAR = 2000
}