@ARTICLE{ fbcv1,
  AUTHOR =       {Olivier, Brett Gareth and Bergmann, Frank Thomas},
  TITLE =        {The {S}ystems {B}iology {M}arkup {L}anguage (SBML) {L}evel 3 package: Flux {B}alance {C}onstraints},
  JOURNAL =      {J Integr Bioinform},
  YEAR =         {2015},
  volume =       {12},
  number =       {2},
  pages =        {660--690}
}
