@ARTICLE{sbml,
  author = {M. Hucka and A. Finney and H.M. Sauro and H. Bolouri and J.C. Doyle and H. Kitano and A.P. Arkin and B.J. Bornstein and D. Bray and A. Cornish-Bowden and A.A. Cuellar and S. Dronov and E.D. Gilles and M. Ginkel and V. Gor and I.I. Goryanin and W.J. Hedley and T.C. Hodgman and J.H. Hofmeyr and P.J. Hunter and N.S. Juty and J.L. Kasberger and A. Kremling and U. Kummer and N. Le Nov\`{e}re and L.M. Loew and D. Lucio and P. Mendes and E. Minch and E.D. Mjolsness and Y. Nakayama and M.R. Nelson and P.F. Nielsen and T. Sakurada and J.C. Schaff and B.E. Shapiro and T.S. shimizu and H.D. Spence and J. Stelling and K. Takahashi and M. Tomita and J. Wagner and J. Wang},
  title = {The {S}ystems {B}iology {M}arkup {L}anguage ({SBML}): a medium for representation and exchange of biochemical network models},
  journal = {Bioinformatics},
  year = {2003},
  volume = {19},
  pages = {524-31},
  number = {4},
}

@misc{l3v1c,
title = {{The Systems Biology Markup Language ({SBML}): Language Specification for Level 3 Version 1 Core}},
author = {Michael Hucka and Frank T. Bergmann and Stefan Hoops and Sarah M. Keating and Sven Sahle and James C. Schaff and Lucian P. Smith and Darren J. Wilkinson},
year = 2010,
howpublished = {Available via the World Wide Web at \url{http://sbml.org/Documents/Specifications}},
}

@misc{xhtml,
       AUTHOR = {Steven Pemberton and Daniel Austin and Jonny Axelsson and Tantek Celik
                 and Doug Dominiak and Herman Elenbaas and Beth Epperson 
                 and Masayasu Ishikawa and {Shin'ichi} Matsui and Shane McCarron
                 and Navarro and Subramanian Peruvemba and Rob Relyea
                 and Sebastian Schnitzenbaumer and Peter Stark},
        TITLE = {{XHTML} 1.0 The {Extensible} {HyperText} {Markup} {Language} (Second Edition): {W3C} {Recommendation} 26 {January} 2000, revised 1 {August} 2002},
 HOWPUBLISHED = {Available via the World Wide Web at \url{http://www.w3.org/TR/xhtml1/}},
         YEAR = 2002,
}

@misc{tracker,
title = {The {SBML} Issue Tracker},
author = {{SBML Team}},
year = 2010,
howpublished = {Available via the World Wide Web at \url{http://sbml.org/issue-tracker}.},
}

@BOOK{eriksson:1998,
       AUTHOR = {H.-E. Eriksson and M. Penker},
	TITLE = {{UML} Toolkit},
    PUBLISHER = {John Wiley \& Sons},
	 YEAR = 1998,
      ADDRESS =	{New York}
}

@BOOK{oestereich:1999,
       AUTHOR = {B. Oestereich},
    TITLE = {Developing Software with {UML}: Object-Oriented Analysis and
                  Design in Practice},
    PUBLISHER = {Addison-Wesley},
     YEAR = 1999
}

@MISC{biron:2000,
       AUTHOR = {P.~V. Biron and A. Malhotra},
        TITLE = {{XML} {S}chema Part 2: Datatypes ({W3C} Candidate
                 Recommendation 24 {O}ctober 2000)},
 HOWPUBLISHED = {Available via the World Wide Web at
                 \url{http://www.w3.org/TR/xmlschema-2/}.},
         YEAR = 2000
}

@MISC{fallside:2000,
       AUTHOR = {D.~C. Fallside},
        TITLE = {{XML} {S}chema Part 0: Primer ({W3C} Candidate
                 Recommendation 24 {O}ctober 2000)},
 HOWPUBLISHED = {Available via the World Wide Web at
                 \url{http://www.w3.org/TR/xmlschema-0/}},
         YEAR = 2000
}

@MISC{thompson:2000,
       AUTHOR = {H.~S. Thompson and D. Beech and M. Maloney and N. Mendelsohn},
        TITLE = {{XML} {S}chema Part 1: Structures ({W3C} Candidate Recommendation
                 24 {O}ctober 2000)},
 HOWPUBLISHED = {Available online via the World Wide Web at the address
                 \url{http://www.w3.org/TR/xmlschema-1/}},
         YEAR = 2000
}




